%YAML 1.1
%TAG !u! tag:unity3d.com,2011:
--- !u!1001 &100100000
Prefab:
  m_ObjectHideFlags: 1
  serializedVersion: 2
  m_Modification:
    m_TransformParent: {fileID: 0}
    m_Modifications: []
    m_RemovedComponents: []
  m_ParentPrefab: {fileID: 0}
  m_RootGameObject: {fileID: 1000010056961366}
  m_IsPrefabParent: 1
--- !u!1 &1000010056961366
GameObject:
  m_ObjectHideFlags: 0
  m_PrefabParentObject: {fileID: 0}
  m_PrefabInternal: {fileID: 100100000}
  serializedVersion: 4
  m_Component:
  - 4: {fileID: 4000011433161558}
  m_Layer: 0
  m_Name: Template_01
  m_TagString: Untagged
  m_Icon: {fileID: 0}
  m_NavMeshLayer: 0
  m_StaticEditorFlags: 0
  m_IsActive: 1
--- !u!1 &1000010081378724
GameObject:
  m_ObjectHideFlags: 1
  m_PrefabParentObject: {fileID: 0}
  m_PrefabInternal: {fileID: 100100000}
  serializedVersion: 4
  m_Component:
  - 224: {fileID: 224000013238830020}
  - 222: {fileID: 222000013618778608}
  - 114: {fileID: 114000013848898706}
  - 114: {fileID: 114000014207701432}
  - 114: {fileID: 114000012990911464}
  m_Layer: 11
  m_Name: Button_01
  m_TagString: TemplateComponent
  m_Icon: {fileID: 0}
  m_NavMeshLayer: 0
  m_StaticEditorFlags: 0
  m_IsActive: 1
--- !u!1 &1000011856757238
GameObject:
  m_ObjectHideFlags: 1
  m_PrefabParentObject: {fileID: 0}
  m_PrefabInternal: {fileID: 100100000}
  serializedVersion: 4
  m_Component:
  - 224: {fileID: 224000012011551028}
  - 222: {fileID: 222000012487077114}
  - 114: {fileID: 114000013630304320}
  m_Layer: 5
  m_Name: Text
  m_TagString: Untagged
  m_Icon: {fileID: 0}
  m_NavMeshLayer: 0
  m_StaticEditorFlags: 0
  m_IsActive: 1
--- !u!1 &1000011860678152
GameObject:
  m_ObjectHideFlags: 1
  m_PrefabParentObject: {fileID: 0}
  m_PrefabInternal: {fileID: 100100000}
  serializedVersion: 4
  m_Component:
  - 224: {fileID: 224000011211567980}
  - 222: {fileID: 222000013951884600}
  - 114: {fileID: 114000012489346582}
  m_Layer: 5
  m_Name: Text
  m_TagString: Untagged
  m_Icon: {fileID: 0}
  m_NavMeshLayer: 0
  m_StaticEditorFlags: 0
  m_IsActive: 1
--- !u!1 &1000012019444078
GameObject:
  m_ObjectHideFlags: 1
  m_PrefabParentObject: {fileID: 0}
  m_PrefabInternal: {fileID: 100100000}
  serializedVersion: 4
  m_Component:
  - 224: {fileID: 224000014113670446}
  - 222: {fileID: 222000010760490306}
  - 114: {fileID: 114000010155229740}
  m_Layer: 5
  m_Name: Infographic_01
  m_TagString: Untagged
  m_Icon: {fileID: 0}
  m_NavMeshLayer: 0
  m_StaticEditorFlags: 0
  m_IsActive: 1
--- !u!1 &1000012260436186
GameObject:
  m_ObjectHideFlags: 1
  m_PrefabParentObject: {fileID: 0}
  m_PrefabInternal: {fileID: 100100000}
  serializedVersion: 4
  m_Component:
  - 224: {fileID: 224000014233979056}
  - 222: {fileID: 222000010760532600}
  - 114: {fileID: 114000013636633636}
  - 114: {fileID: 114000011236454348}
  - 114: {fileID: 114000011127330476}
  m_Layer: 11
  m_Name: Button_02
  m_TagString: TemplateComponent
  m_Icon: {fileID: 0}
  m_NavMeshLayer: 0
  m_StaticEditorFlags: 0
  m_IsActive: 1
--- !u!1 &1000012538382826
GameObject:
  m_ObjectHideFlags: 1
  m_PrefabParentObject: {fileID: 0}
  m_PrefabInternal: {fileID: 100100000}
  serializedVersion: 4
  m_Component:
  - 224: {fileID: 224000012000796900}
  - 222: {fileID: 222000013033219982}
  - 114: {fileID: 114000012833647962}
  m_Layer: 5
  m_Name: Infographic_02
  m_TagString: Untagged
  m_Icon: {fileID: 0}
  m_NavMeshLayer: 0
  m_StaticEditorFlags: 0
  m_IsActive: 1
--- !u!1 &1000012761431646
GameObject:
  m_ObjectHideFlags: 1
  m_PrefabParentObject: {fileID: 0}
  m_PrefabInternal: {fileID: 100100000}
  serializedVersion: 4
  m_Component:
  - 224: {fileID: 224000012103152410}
  - 222: {fileID: 222000014083523304}
  - 114: {fileID: 114000014238694826}
  m_Layer: 11
  m_Name: Text_01
  m_TagString: TemplateComponent
  m_Icon: {fileID: 0}
  m_NavMeshLayer: 0
  m_StaticEditorFlags: 0
  m_IsActive: 1
--- !u!1 &1000012934336222
GameObject:
  m_ObjectHideFlags: 0
  m_PrefabParentObject: {fileID: 0}
  m_PrefabInternal: {fileID: 100100000}
  serializedVersion: 4
  m_Component:
  - 224: {fileID: 224000014174983846}
  - 223: {fileID: 223000011816333294}
  - 114: {fileID: 114000011411822038}
  - 114: {fileID: 114000011380519100}
  m_Layer: 5
  m_Name: Canvas
  m_TagString: Untagged
  m_Icon: {fileID: 0}
  m_NavMeshLayer: 0
  m_StaticEditorFlags: 0
  m_IsActive: 1
--- !u!1 &1000013519915544
GameObject:
  m_ObjectHideFlags: 1
  m_PrefabParentObject: {fileID: 0}
  m_PrefabInternal: {fileID: 100100000}
  serializedVersion: 4
  m_Component:
  - 224: {fileID: 224000010802181544}
  - 222: {fileID: 222000013878672790}
  - 114: {fileID: 114000012541093322}
  m_Layer: 11
  m_Name: Image_02
  m_TagString: TemplateComponent
  m_Icon: {fileID: 0}
  m_NavMeshLayer: 0
  m_StaticEditorFlags: 0
  m_IsActive: 1
--- !u!1 &1000013596148404
GameObject:
  m_ObjectHideFlags: 1
  m_PrefabParentObject: {fileID: 0}
  m_PrefabInternal: {fileID: 100100000}
  serializedVersion: 4
  m_Component:
  - 224: {fileID: 224000011299237534}
  - 222: {fileID: 222000011467130848}
  - 114: {fileID: 114000010316684424}
  m_Layer: 11
  m_Name: Text_02
  m_TagString: TemplateComponent
  m_Icon: {fileID: 0}
  m_NavMeshLayer: 0
  m_StaticEditorFlags: 0
  m_IsActive: 1
--- !u!1 &1000014256466026
GameObject:
  m_ObjectHideFlags: 1
  m_PrefabParentObject: {fileID: 0}
  m_PrefabInternal: {fileID: 100100000}
  serializedVersion: 4
  m_Component:
  - 224: {fileID: 224000012020386368}
  - 222: {fileID: 222000013389256914}
  - 114: {fileID: 114000012022866268}
  m_Layer: 11
  m_Name: Image_01
  m_TagString: TemplateComponent
  m_Icon: {fileID: 0}
  m_NavMeshLayer: 0
  m_StaticEditorFlags: 0
  m_IsActive: 1
--- !u!4 &4000011433161558
Transform:
  m_ObjectHideFlags: 1
  m_PrefabParentObject: {fileID: 0}
  m_PrefabInternal: {fileID: 100100000}
  m_GameObject: {fileID: 1000010056961366}
  m_LocalRotation: {x: -0, y: -0, z: -0, w: 1}
  m_LocalPosition: {x: 0, y: 0, z: 0}
  m_LocalScale: {x: 1, y: 1, z: 1}
  m_LocalEulerAnglesHint: {x: 0, y: 0, z: 0}
  m_Children:
  - {fileID: 224000014174983846}
  m_Father: {fileID: 0}
  m_RootOrder: 0
--- !u!114 &114000010155229740
MonoBehaviour:
  m_ObjectHideFlags: 1
  m_PrefabParentObject: {fileID: 0}
  m_PrefabInternal: {fileID: 100100000}
  m_GameObject: {fileID: 1000012019444078}
  m_Enabled: 1
  m_EditorHideFlags: 0
  m_Script: {fileID: -765806418, guid: f5f67c52d1564df4a8936ccd202a3bd8, type: 3}
  m_Name: 
  m_EditorClassIdentifier: 
  m_Material: {fileID: 0}
  m_Color: {r: 0.47042605, g: 0.8308824, b: 0.5624045, a: 1}
  m_RaycastTarget: 1
  m_OnCullStateChanged:
    m_PersistentCalls:
      m_Calls: []
    m_TypeName: UnityEngine.UI.MaskableGraphic+CullStateChangedEvent, UnityEngine.UI,
      Version=1.0.0.0, Culture=neutral, PublicKeyToken=null
  m_Sprite: {fileID: 0}
  m_Type: 0
  m_PreserveAspect: 0
  m_FillCenter: 1
  m_FillMethod: 4
  m_FillAmount: 1
  m_FillClockwise: 1
  m_FillOrigin: 0
--- !u!114 &114000010316684424
MonoBehaviour:
  m_ObjectHideFlags: 1
  m_PrefabParentObject: {fileID: 0}
  m_PrefabInternal: {fileID: 100100000}
  m_GameObject: {fileID: 1000013596148404}
  m_Enabled: 1
  m_EditorHideFlags: 0
  m_Script: {fileID: 708705254, guid: f5f67c52d1564df4a8936ccd202a3bd8, type: 3}
  m_Name: 
  m_EditorClassIdentifier: 
  m_Material: {fileID: 0}
  m_Color: {r: 0.19607843, g: 0.19607843, b: 0.19607843, a: 1}
  m_RaycastTarget: 1
  m_OnCullStateChanged:
    m_PersistentCalls:
      m_Calls: []
    m_TypeName: UnityEngine.UI.MaskableGraphic+CullStateChangedEvent, UnityEngine.UI,
      Version=1.0.0.0, Culture=neutral, PublicKeyToken=null
  m_FontData:
    m_Font: {fileID: 10102, guid: 0000000000000000e000000000000000, type: 0}
    m_FontSize: 44
    m_FontStyle: 0
    m_BestFit: 0
    m_MinSize: 10
    m_MaxSize: 74
    m_Alignment: 4
    m_AlignByGeometry: 0
    m_RichText: 1
    m_HorizontalOverflow: 0
    m_VerticalOverflow: 0
    m_LineSpacing: 1
  m_Text: New Text
--- !u!114 &114000011127330476
MonoBehaviour:
  m_ObjectHideFlags: 1
  m_PrefabParentObject: {fileID: 0}
  m_PrefabInternal: {fileID: 100100000}
  m_GameObject: {fileID: 1000012260436186}
  m_Enabled: 1
  m_EditorHideFlags: 0
  m_Script: {fileID: 11500000, guid: 6eb56bea2a07941d491dfb8322cc6a34, type: 3}
  m_Name: 
  m_EditorClassIdentifier: 
  url: 
--- !u!114 &114000011236454348
MonoBehaviour:
  m_ObjectHideFlags: 1
  m_PrefabParentObject: {fileID: 0}
  m_PrefabInternal: {fileID: 100100000}
  m_GameObject: {fileID: 1000012260436186}
  m_Enabled: 1
  m_EditorHideFlags: 0
  m_Script: {fileID: 1392445389, guid: f5f67c52d1564df4a8936ccd202a3bd8, type: 3}
  m_Name: 
  m_EditorClassIdentifier: 
  m_Navigation:
    m_Mode: 3
    m_SelectOnUp: {fileID: 0}
    m_SelectOnDown: {fileID: 0}
    m_SelectOnLeft: {fileID: 0}
    m_SelectOnRight: {fileID: 0}
  m_Transition: 1
  m_Colors:
    m_NormalColor: {r: 1, g: 1, b: 1, a: 1}
    m_HighlightedColor: {r: 0.9607843, g: 0.9607843, b: 0.9607843, a: 1}
    m_PressedColor: {r: 0.78431374, g: 0.78431374, b: 0.78431374, a: 1}
    m_DisabledColor: {r: 0.78431374, g: 0.78431374, b: 0.78431374, a: 0.5019608}
    m_ColorMultiplier: 1
    m_FadeDuration: 0.1
  m_SpriteState:
    m_HighlightedSprite: {fileID: 0}
    m_PressedSprite: {fileID: 0}
    m_DisabledSprite: {fileID: 0}
  m_AnimationTriggers:
    m_NormalTrigger: Normal
    m_HighlightedTrigger: Highlighted
    m_PressedTrigger: Pressed
    m_DisabledTrigger: Disabled
  m_Interactable: 1
  m_TargetGraphic: {fileID: 114000013636633636}
  m_OnClick:
    m_PersistentCalls:
      m_Calls:
      - m_Target: {fileID: 114000011127330476}
        m_MethodName: RedirectToUrl
        m_Mode: 1
        m_Arguments:
          m_ObjectArgument: {fileID: 0}
          m_ObjectArgumentAssemblyTypeName: UnityEngine.Object, UnityEngine
          m_IntArgument: 0
          m_FloatArgument: 0
          m_StringArgument: 
          m_BoolArgument: 0
        m_CallState: 2
    m_TypeName: UnityEngine.UI.Button+ButtonClickedEvent, UnityEngine.UI, Version=1.0.0.0,
      Culture=neutral, PublicKeyToken=null
--- !u!114 &114000011380519100
MonoBehaviour:
  m_ObjectHideFlags: 1
  m_PrefabParentObject: {fileID: 0}
  m_PrefabInternal: {fileID: 100100000}
  m_GameObject: {fileID: 1000012934336222}
  m_Enabled: 1
  m_EditorHideFlags: 0
  m_Script: {fileID: 1301386320, guid: f5f67c52d1564df4a8936ccd202a3bd8, type: 3}
  m_Name: 
  m_EditorClassIdentifier: 
  m_IgnoreReversedGraphics: 1
  m_BlockingObjects: 0
  m_BlockingMask:
    serializedVersion: 2
    m_Bits: 4294967295
--- !u!114 &114000011411822038
MonoBehaviour:
  m_ObjectHideFlags: 1
  m_PrefabParentObject: {fileID: 0}
  m_PrefabInternal: {fileID: 100100000}
  m_GameObject: {fileID: 1000012934336222}
  m_Enabled: 1
  m_EditorHideFlags: 0
  m_Script: {fileID: 1980459831, guid: f5f67c52d1564df4a8936ccd202a3bd8, type: 3}
  m_Name: 
  m_EditorClassIdentifier: 
  m_UiScaleMode: 0
  m_ReferencePixelsPerUnit: 100
  m_ScaleFactor: 1
  m_ReferenceResolution: {x: 800, y: 600}
  m_ScreenMatchMode: 0
  m_MatchWidthOrHeight: 0
  m_PhysicalUnit: 3
  m_FallbackScreenDPI: 96
  m_DefaultSpriteDPI: 96
  m_DynamicPixelsPerUnit: 1
--- !u!114 &114000012022866268
MonoBehaviour:
  m_ObjectHideFlags: 1
  m_PrefabParentObject: {fileID: 0}
  m_PrefabInternal: {fileID: 100100000}
  m_GameObject: {fileID: 1000014256466026}
  m_Enabled: 1
  m_EditorHideFlags: 0
  m_Script: {fileID: -765806418, guid: f5f67c52d1564df4a8936ccd202a3bd8, type: 3}
  m_Name: 
  m_EditorClassIdentifier: 
  m_Material: {fileID: 0}
  m_Color: {r: 1, g: 1, b: 1, a: 1}
  m_RaycastTarget: 1
  m_OnCullStateChanged:
    m_PersistentCalls:
      m_Calls: []
    m_TypeName: UnityEngine.UI.MaskableGraphic+CullStateChangedEvent, UnityEngine.UI,
      Version=1.0.0.0, Culture=neutral, PublicKeyToken=null
  m_Sprite: {fileID: 0}
  m_Type: 0
  m_PreserveAspect: 0
  m_FillCenter: 1
  m_FillMethod: 4
  m_FillAmount: 1
  m_FillClockwise: 1
  m_FillOrigin: 0
--- !u!114 &114000012489346582
MonoBehaviour:
  m_ObjectHideFlags: 1
  m_PrefabParentObject: {fileID: 0}
  m_PrefabInternal: {fileID: 100100000}
  m_GameObject: {fileID: 1000011860678152}
  m_Enabled: 1
  m_EditorHideFlags: 0
  m_Script: {fileID: 708705254, guid: f5f67c52d1564df4a8936ccd202a3bd8, type: 3}
  m_Name: 
  m_EditorClassIdentifier: 
  m_Material: {fileID: 0}
  m_Color: {r: 0.19607843, g: 0.19607843, b: 0.19607843, a: 1}
  m_RaycastTarget: 1
  m_OnCullStateChanged:
    m_PersistentCalls:
      m_Calls: []
    m_TypeName: UnityEngine.UI.MaskableGraphic+CullStateChangedEvent, UnityEngine.UI,
      Version=1.0.0.0, Culture=neutral, PublicKeyToken=null
  m_FontData:
    m_Font: {fileID: 10102, guid: 0000000000000000e000000000000000, type: 0}
    m_FontSize: 14
    m_FontStyle: 0
    m_BestFit: 0
    m_MinSize: 10
    m_MaxSize: 40
    m_Alignment: 4
    m_AlignByGeometry: 0
    m_RichText: 1
    m_HorizontalOverflow: 0
    m_VerticalOverflow: 0
    m_LineSpacing: 1
  m_Text: Button
--- !u!114 &114000012541093322
MonoBehaviour:
  m_ObjectHideFlags: 1
  m_PrefabParentObject: {fileID: 0}
  m_PrefabInternal: {fileID: 100100000}
  m_GameObject: {fileID: 1000013519915544}
  m_Enabled: 1
  m_EditorHideFlags: 0
  m_Script: {fileID: -765806418, guid: f5f67c52d1564df4a8936ccd202a3bd8, type: 3}
  m_Name: 
  m_EditorClassIdentifier: 
  m_Material: {fileID: 0}
  m_Color: {r: 1, g: 1, b: 1, a: 1}
  m_RaycastTarget: 1
  m_OnCullStateChanged:
    m_PersistentCalls:
      m_Calls: []
    m_TypeName: UnityEngine.UI.MaskableGraphic+CullStateChangedEvent, UnityEngine.UI,
      Version=1.0.0.0, Culture=neutral, PublicKeyToken=null
  m_Sprite: {fileID: 0}
  m_Type: 0
  m_PreserveAspect: 0
  m_FillCenter: 1
  m_FillMethod: 4
  m_FillAmount: 1
  m_FillClockwise: 1
  m_FillOrigin: 0
--- !u!114 &114000012833647962
MonoBehaviour:
  m_ObjectHideFlags: 1
  m_PrefabParentObject: {fileID: 0}
  m_PrefabInternal: {fileID: 100100000}
  m_GameObject: {fileID: 1000012538382826}
  m_Enabled: 1
  m_EditorHideFlags: 0
  m_Script: {fileID: -765806418, guid: f5f67c52d1564df4a8936ccd202a3bd8, type: 3}
  m_Name: 
  m_EditorClassIdentifier: 
  m_Material: {fileID: 0}
  m_Color: {r: 0.47042605, g: 0.8308824, b: 0.5624045, a: 1}
  m_RaycastTarget: 1
  m_OnCullStateChanged:
    m_PersistentCalls:
      m_Calls: []
    m_TypeName: UnityEngine.UI.MaskableGraphic+CullStateChangedEvent, UnityEngine.UI,
      Version=1.0.0.0, Culture=neutral, PublicKeyToken=null
  m_Sprite: {fileID: 0}
  m_Type: 0
  m_PreserveAspect: 0
  m_FillCenter: 1
  m_FillMethod: 4
  m_FillAmount: 1
  m_FillClockwise: 1
  m_FillOrigin: 0
--- !u!114 &114000012990911464
MonoBehaviour:
  m_ObjectHideFlags: 1
  m_PrefabParentObject: {fileID: 0}
  m_PrefabInternal: {fileID: 100100000}
  m_GameObject: {fileID: 1000010081378724}
  m_Enabled: 1
  m_EditorHideFlags: 0
  m_Script: {fileID: 11500000, guid: 6eb56bea2a07941d491dfb8322cc6a34, type: 3}
  m_Name: 
  m_EditorClassIdentifier: 
  url: 
--- !u!114 &114000013630304320
MonoBehaviour:
  m_ObjectHideFlags: 1
  m_PrefabParentObject: {fileID: 0}
  m_PrefabInternal: {fileID: 100100000}
  m_GameObject: {fileID: 1000011856757238}
  m_Enabled: 1
  m_EditorHideFlags: 0
  m_Script: {fileID: 708705254, guid: f5f67c52d1564df4a8936ccd202a3bd8, type: 3}
  m_Name: 
  m_EditorClassIdentifier: 
  m_Material: {fileID: 0}
  m_Color: {r: 0.19607843, g: 0.19607843, b: 0.19607843, a: 1}
  m_RaycastTarget: 1
  m_OnCullStateChanged:
    m_PersistentCalls:
      m_Calls: []
    m_TypeName: UnityEngine.UI.MaskableGraphic+CullStateChangedEvent, UnityEngine.UI,
      Version=1.0.0.0, Culture=neutral, PublicKeyToken=null
  m_FontData:
    m_Font: {fileID: 10102, guid: 0000000000000000e000000000000000, type: 0}
    m_FontSize: 14
    m_FontStyle: 0
    m_BestFit: 0
    m_MinSize: 10
    m_MaxSize: 40
    m_Alignment: 4
    m_AlignByGeometry: 0
    m_RichText: 1
    m_HorizontalOverflow: 0
    m_VerticalOverflow: 0
    m_LineSpacing: 1
  m_Text: Button
--- !u!114 &114000013636633636
MonoBehaviour:
  m_ObjectHideFlags: 1
  m_PrefabParentObject: {fileID: 0}
  m_PrefabInternal: {fileID: 100100000}
  m_GameObject: {fileID: 1000012260436186}
  m_Enabled: 1
  m_EditorHideFlags: 0
  m_Script: {fileID: -765806418, guid: f5f67c52d1564df4a8936ccd202a3bd8, type: 3}
  m_Name: 
  m_EditorClassIdentifier: 
  m_Material: {fileID: 0}
  m_Color: {r: 1, g: 1, b: 1, a: 1}
  m_RaycastTarget: 1
  m_OnCullStateChanged:
    m_PersistentCalls:
      m_Calls: []
    m_TypeName: UnityEngine.UI.MaskableGraphic+CullStateChangedEvent, UnityEngine.UI,
      Version=1.0.0.0, Culture=neutral, PublicKeyToken=null
  m_Sprite: {fileID: 10905, guid: 0000000000000000f000000000000000, type: 0}
  m_Type: 1
  m_PreserveAspect: 0
  m_FillCenter: 1
  m_FillMethod: 4
  m_FillAmount: 1
  m_FillClockwise: 1
  m_FillOrigin: 0
--- !u!114 &114000013848898706
MonoBehaviour:
  m_ObjectHideFlags: 1
  m_PrefabParentObject: {fileID: 0}
  m_PrefabInternal: {fileID: 100100000}
  m_GameObject: {fileID: 1000010081378724}
  m_Enabled: 1
  m_EditorHideFlags: 0
  m_Script: {fileID: -765806418, guid: f5f67c52d1564df4a8936ccd202a3bd8, type: 3}
  m_Name: 
  m_EditorClassIdentifier: 
  m_Material: {fileID: 0}
  m_Color: {r: 1, g: 1, b: 1, a: 1}
  m_RaycastTarget: 1
  m_OnCullStateChanged:
    m_PersistentCalls:
      m_Calls: []
    m_TypeName: UnityEngine.UI.MaskableGraphic+CullStateChangedEvent, UnityEngine.UI,
      Version=1.0.0.0, Culture=neutral, PublicKeyToken=null
  m_Sprite: {fileID: 10905, guid: 0000000000000000f000000000000000, type: 0}
  m_Type: 1
  m_PreserveAspect: 0
  m_FillCenter: 1
  m_FillMethod: 4
  m_FillAmount: 1
  m_FillClockwise: 1
  m_FillOrigin: 0
--- !u!114 &114000014207701432
MonoBehaviour:
  m_ObjectHideFlags: 1
  m_PrefabParentObject: {fileID: 0}
  m_PrefabInternal: {fileID: 100100000}
  m_GameObject: {fileID: 1000010081378724}
  m_Enabled: 1
  m_EditorHideFlags: 0
  m_Script: {fileID: 1392445389, guid: f5f67c52d1564df4a8936ccd202a3bd8, type: 3}
  m_Name: 
  m_EditorClassIdentifier: 
  m_Navigation:
    m_Mode: 3
    m_SelectOnUp: {fileID: 0}
    m_SelectOnDown: {fileID: 0}
    m_SelectOnLeft: {fileID: 0}
    m_SelectOnRight: {fileID: 0}
  m_Transition: 1
  m_Colors:
    m_NormalColor: {r: 1, g: 1, b: 1, a: 1}
    m_HighlightedColor: {r: 0.9607843, g: 0.9607843, b: 0.9607843, a: 1}
    m_PressedColor: {r: 0.78431374, g: 0.78431374, b: 0.78431374, a: 1}
    m_DisabledColor: {r: 0.78431374, g: 0.78431374, b: 0.78431374, a: 0.5019608}
    m_ColorMultiplier: 1
    m_FadeDuration: 0.1
  m_SpriteState:
    m_HighlightedSprite: {fileID: 0}
    m_PressedSprite: {fileID: 0}
    m_DisabledSprite: {fileID: 0}
  m_AnimationTriggers:
    m_NormalTrigger: Normal
    m_HighlightedTrigger: Highlighted
    m_PressedTrigger: Pressed
    m_DisabledTrigger: Disabled
  m_Interactable: 1
  m_TargetGraphic: {fileID: 114000013848898706}
  m_OnClick:
    m_PersistentCalls:
      m_Calls:
      - m_Target: {fileID: 114000012990911464}
        m_MethodName: RedirectToUrl
        m_Mode: 1
        m_Arguments:
          m_ObjectArgument: {fileID: 0}
          m_ObjectArgumentAssemblyTypeName: UnityEngine.Object, UnityEngine
          m_IntArgument: 0
          m_FloatArgument: 0
          m_StringArgument: 
          m_BoolArgument: 0
        m_CallState: 2
    m_TypeName: UnityEngine.UI.Button+ButtonClickedEvent, UnityEngine.UI, Version=1.0.0.0,
      Culture=neutral, PublicKeyToken=null
--- !u!114 &114000014238694826
MonoBehaviour:
  m_ObjectHideFlags: 1
  m_PrefabParentObject: {fileID: 0}
  m_PrefabInternal: {fileID: 100100000}
  m_GameObject: {fileID: 1000012761431646}
  m_Enabled: 1
  m_EditorHideFlags: 0
  m_Script: {fileID: 708705254, guid: f5f67c52d1564df4a8936ccd202a3bd8, type: 3}
  m_Name: 
  m_EditorClassIdentifier: 
  m_Material: {fileID: 0}
  m_Color: {r: 0.19607843, g: 0.19607843, b: 0.19607843, a: 1}
  m_RaycastTarget: 1
  m_OnCullStateChanged:
    m_PersistentCalls:
      m_Calls: []
    m_TypeName: UnityEngine.UI.MaskableGraphic+CullStateChangedEvent, UnityEngine.UI,
      Version=1.0.0.0, Culture=neutral, PublicKeyToken=null
  m_FontData:
    m_Font: {fileID: 10102, guid: 0000000000000000e000000000000000, type: 0}
    m_FontSize: 44
    m_FontStyle: 0
    m_BestFit: 0
    m_MinSize: 10
    m_MaxSize: 74
    m_Alignment: 4
    m_AlignByGeometry: 0
    m_RichText: 1
    m_HorizontalOverflow: 0
    m_VerticalOverflow: 0
    m_LineSpacing: 1
  m_Text: He he, seems to work!
--- !u!222 &222000010760490306
CanvasRenderer:
  m_ObjectHideFlags: 1
  m_PrefabParentObject: {fileID: 0}
  m_PrefabInternal: {fileID: 100100000}
  m_GameObject: {fileID: 1000012019444078}
--- !u!222 &222000010760532600
CanvasRenderer:
  m_ObjectHideFlags: 1
  m_PrefabParentObject: {fileID: 0}
  m_PrefabInternal: {fileID: 100100000}
  m_GameObject: {fileID: 1000012260436186}
--- !u!222 &222000011467130848
CanvasRenderer:
  m_ObjectHideFlags: 1
  m_PrefabParentObject: {fileID: 0}
  m_PrefabInternal: {fileID: 100100000}
  m_GameObject: {fileID: 1000013596148404}
--- !u!222 &222000012487077114
CanvasRenderer:
  m_ObjectHideFlags: 1
  m_PrefabParentObject: {fileID: 0}
  m_PrefabInternal: {fileID: 100100000}
  m_GameObject: {fileID: 1000011856757238}
--- !u!222 &222000013033219982
CanvasRenderer:
  m_ObjectHideFlags: 1
  m_PrefabParentObject: {fileID: 0}
  m_PrefabInternal: {fileID: 100100000}
  m_GameObject: {fileID: 1000012538382826}
--- !u!222 &222000013389256914
CanvasRenderer:
  m_ObjectHideFlags: 1
  m_PrefabParentObject: {fileID: 0}
  m_PrefabInternal: {fileID: 100100000}
  m_GameObject: {fileID: 1000014256466026}
--- !u!222 &222000013618778608
CanvasRenderer:
  m_ObjectHideFlags: 1
  m_PrefabParentObject: {fileID: 0}
  m_PrefabInternal: {fileID: 100100000}
  m_GameObject: {fileID: 1000010081378724}
--- !u!222 &222000013878672790
CanvasRenderer:
  m_ObjectHideFlags: 1
  m_PrefabParentObject: {fileID: 0}
  m_PrefabInternal: {fileID: 100100000}
  m_GameObject: {fileID: 1000013519915544}
--- !u!222 &222000013951884600
CanvasRenderer:
  m_ObjectHideFlags: 1
  m_PrefabParentObject: {fileID: 0}
  m_PrefabInternal: {fileID: 100100000}
  m_GameObject: {fileID: 1000011860678152}
--- !u!222 &222000014083523304
CanvasRenderer:
  m_ObjectHideFlags: 1
  m_PrefabParentObject: {fileID: 0}
  m_PrefabInternal: {fileID: 100100000}
  m_GameObject: {fileID: 1000012761431646}
--- !u!223 &223000011816333294
Canvas:
  m_ObjectHideFlags: 1
  m_PrefabParentObject: {fileID: 0}
  m_PrefabInternal: {fileID: 100100000}
  m_GameObject: {fileID: 1000012934336222}
  m_Enabled: 1
  serializedVersion: 2
  m_RenderMode: 2
  m_Camera: {fileID: 0}
  m_PlaneDistance: 100
  m_PixelPerfect: 0
  m_ReceivesEvents: 1
  m_OverrideSorting: 0
  m_OverridePixelPerfect: 0
  m_SortingBucketNormalizedSize: 0
  m_SortingLayerID: 0
  m_SortingOrder: 0
  m_TargetDisplay: 0
--- !u!224 &224000010802181544
RectTransform:
  m_ObjectHideFlags: 1
  m_PrefabParentObject: {fileID: 0}
  m_PrefabInternal: {fileID: 100100000}
  m_GameObject: {fileID: 1000013519915544}
  m_LocalRotation: {x: -0, y: -0, z: -0, w: 1}
  m_LocalPosition: {x: 0, y: 0, z: 0}
  m_LocalScale: {x: 1, y: 1, z: 1}
  m_LocalEulerAnglesHint: {x: 0, y: 0, z: 0}
  m_Children: []
  m_Father: {fileID: 224000012000796900}
  m_RootOrder: 0
  m_AnchorMin: {x: 0.5, y: 0.5}
  m_AnchorMax: {x: 0.5, y: 0.5}
  m_AnchoredPosition: {x: 0.006, y: 0.117000006}
  m_SizeDelta: {x: 0.209, y: 0.172}
  m_Pivot: {x: 0.5, y: 0.5}
--- !u!224 &224000011211567980
RectTransform:
  m_ObjectHideFlags: 1
  m_PrefabParentObject: {fileID: 0}
  m_PrefabInternal: {fileID: 100100000}
  m_GameObject: {fileID: 1000011860678152}
  m_LocalRotation: {x: 0, y: 0, z: 0, w: 1}
  m_LocalPosition: {x: 0, y: 0, z: 0}
  m_LocalScale: {x: 1, y: 1, z: 1}
  m_LocalEulerAnglesHint: {x: 0, y: 0, z: 0}
  m_Children: []
  m_Father: {fileID: 224000013238830020}
  m_RootOrder: 0
  m_AnchorMin: {x: 0, y: 0}
  m_AnchorMax: {x: 1, y: 1}
  m_AnchoredPosition: {x: 0, y: 0}
  m_SizeDelta: {x: 0, y: 0}
  m_Pivot: {x: 0.5, y: 0.5}
--- !u!224 &224000011299237534
RectTransform:
  m_ObjectHideFlags: 1
  m_PrefabParentObject: {fileID: 0}
  m_PrefabInternal: {fileID: 100100000}
  m_GameObject: {fileID: 1000013596148404}
  m_LocalRotation: {x: -0, y: -0, z: -0, w: 1}
  m_LocalPosition: {x: 0, y: 0, z: 0}
  m_LocalScale: {x: 0.0006703976, y: 0.0006703975, z: 0.0006703975}
  m_LocalEulerAnglesHint: {x: 0, y: 0, z: 0}
  m_Children: []
  m_Father: {fileID: 224000012000796900}
  m_RootOrder: 1
  m_AnchorMin: {x: 0.5, y: 0.5}
  m_AnchorMax: {x: 0.5, y: 0.5}
  m_AnchoredPosition: {x: 0.006, y: 0.002476558}
  m_SizeDelta: {x: 314.7501, y: 79.7735}
  m_Pivot: {x: 0.5, y: 0.5}
--- !u!224 &224000012000796900
RectTransform:
  m_ObjectHideFlags: 1
  m_PrefabParentObject: {fileID: 0}
  m_PrefabInternal: {fileID: 100100000}
  m_GameObject: {fileID: 1000012538382826}
  m_LocalRotation: {x: -0, y: -0, z: -0, w: 1}
  m_LocalPosition: {x: 0, y: 0, z: -0.168}
  m_LocalScale: {x: 1, y: 1.0000005, z: 1.0000005}
  m_LocalEulerAnglesHint: {x: 0, y: 0, z: 0}
  m_Children:
  - {fileID: 224000010802181544}
  - {fileID: 224000011299237534}
  - {fileID: 224000014233979056}
  m_Father: {fileID: 224000014174983846}
  m_RootOrder: 1
  m_AnchorMin: {x: 0.5, y: 0.5}
  m_AnchorMax: {x: 0.5, y: 0.5}
  m_AnchoredPosition: {x: 0.239, y: -0.019000053}
  m_SizeDelta: {x: 0.269, y: 0.438}
  m_Pivot: {x: 0.5, y: 0.5}
--- !u!224 &224000012011551028
RectTransform:
  m_ObjectHideFlags: 1
  m_PrefabParentObject: {fileID: 0}
  m_PrefabInternal: {fileID: 100100000}
  m_GameObject: {fileID: 1000011856757238}
  m_LocalRotation: {x: 0, y: 0, z: 0, w: 1}
  m_LocalPosition: {x: 0, y: 0, z: 0}
  m_LocalScale: {x: 1, y: 1, z: 1}
  m_LocalEulerAnglesHint: {x: 0, y: 0, z: 0}
  m_Children: []
  m_Father: {fileID: 224000014233979056}
  m_RootOrder: 0
  m_AnchorMin: {x: 0, y: 0}
  m_AnchorMax: {x: 1, y: 1}
  m_AnchoredPosition: {x: 0, y: 0}
  m_SizeDelta: {x: 0, y: 0}
  m_Pivot: {x: 0.5, y: 0.5}
--- !u!224 &224000012020386368
RectTransform:
  m_ObjectHideFlags: 1
  m_PrefabParentObject: {fileID: 0}
  m_PrefabInternal: {fileID: 100100000}
  m_GameObject: {fileID: 1000014256466026}
  m_LocalRotation: {x: 0, y: 0, z: 0, w: 1}
  m_LocalPosition: {x: 0, y: 0, z: 0}
  m_LocalScale: {x: 1, y: 1, z: 1}
  m_LocalEulerAnglesHint: {x: 0, y: 0, z: 0}
  m_Children: []
  m_Father: {fileID: 224000014113670446}
  m_RootOrder: 0
  m_AnchorMin: {x: 0.5, y: 0.5}
  m_AnchorMax: {x: 0.5, y: 0.5}
  m_AnchoredPosition: {x: 0.003, y: 0.117}
  m_SizeDelta: {x: 0.209, y: 0.172}
  m_Pivot: {x: 0.5, y: 0.5}
--- !u!224 &224000012103152410
RectTransform:
  m_ObjectHideFlags: 1
  m_PrefabParentObject: {fileID: 0}
  m_PrefabInternal: {fileID: 100100000}
  m_GameObject: {fileID: 1000012761431646}
  m_LocalRotation: {x: 0, y: 0, z: 0, w: 1}
  m_LocalPosition: {x: 0, y: 0, z: 0}
  m_LocalScale: {x: 0.0006703976, y: 0.0006703975, z: 0.0006703975}
  m_LocalEulerAnglesHint: {x: 0, y: 0, z: 0}
  m_Children: []
  m_Father: {fileID: 224000014113670446}
  m_RootOrder: 1
  m_AnchorMin: {x: 0.5, y: 0.5}
  m_AnchorMax: {x: 0.5, y: 0.5}
  m_AnchoredPosition: {x: 0.0016009584, y: 0.0024743006}
  m_SizeDelta: {x: 314.7501, y: 79.7735}
  m_Pivot: {x: 0.5, y: 0.5}
--- !u!224 &224000013238830020
RectTransform:
  m_ObjectHideFlags: 1
  m_PrefabParentObject: {fileID: 0}
  m_PrefabInternal: {fileID: 100100000}
  m_GameObject: {fileID: 1000010081378724}
  m_LocalRotation: {x: 0, y: 0, z: 0, w: 1}
  m_LocalPosition: {x: 0, y: 0, z: 0}
  m_LocalScale: {x: 0.0012735457, y: 0.0012735453, z: 0.0012735453}
  m_LocalEulerAnglesHint: {x: 0, y: 0, z: 0}
  m_Children:
  - {fileID: 224000011211567980}
  m_Father: {fileID: 224000014113670446}
  m_RootOrder: 2
  m_AnchorMin: {x: 0.5, y: 0.5}
  m_AnchorMax: {x: 0.5, y: 0.5}
  m_AnchoredPosition: {x: 0, y: -0.169}
  m_SizeDelta: {x: 160, y: 30}
  m_Pivot: {x: 0.5, y: 0.5}
--- !u!224 &224000014113670446
RectTransform:
  m_ObjectHideFlags: 1
  m_PrefabParentObject: {fileID: 0}
  m_PrefabInternal: {fileID: 100100000}
  m_GameObject: {fileID: 1000012019444078}
  m_LocalRotation: {x: -0, y: -0, z: -0, w: 1}
  m_LocalPosition: {x: 0, y: 0, z: -0.168}
  m_LocalScale: {x: 1, y: 1, z: 1}
  m_LocalEulerAnglesHint: {x: 0, y: 0, z: 0}
  m_Children:
  - {fileID: 224000012020386368}
  - {fileID: 224000012103152410}
  - {fileID: 224000013238830020}
  m_Father: {fileID: 224000014174983846}
  m_RootOrder: 0
  m_AnchorMin: {x: 0.5, y: 0.5}
  m_AnchorMax: {x: 0.5, y: 0.5}
  m_AnchoredPosition: {x: -0.253, y: -0.019}
  m_SizeDelta: {x: 0.269, y: 0.438}
  m_Pivot: {x: 0.5, y: 0.5}
--- !u!224 &224000014174983846
RectTransform:
  m_ObjectHideFlags: 1
  m_PrefabParentObject: {fileID: 0}
  m_PrefabInternal: {fileID: 100100000}
  m_GameObject: {fileID: 1000012934336222}
  m_LocalRotation: {x: 0.7071068, y: -0, z: -0, w: 0.7071068}
  m_LocalPosition: {x: 0, y: 0, z: 0}
  m_LocalScale: {x: 1, y: 1, z: 1}
  m_LocalEulerAnglesHint: {x: 90, y: 0, z: 0}
  m_Children:
  - {fileID: 224000014113670446}
  - {fileID: 224000012000796900}
  m_Father: {fileID: 4000011433161558}
  m_RootOrder: 0
  m_AnchorMin: {x: 0, y: 0}
  m_AnchorMax: {x: 0, y: 0}
  m_AnchoredPosition: {x: 0, y: 0}
  m_SizeDelta: {x: 1, y: 1}
  m_Pivot: {x: 0.5, y: 0.5}
--- !u!224 &224000014233979056
RectTransform:
  m_ObjectHideFlags: 1
  m_PrefabParentObject: {fileID: 0}
  m_PrefabInternal: {fileID: 100100000}
  m_GameObject: {fileID: 1000012260436186}
  m_LocalRotation: {x: -0, y: -0, z: -0, w: 1}
  m_LocalPosition: {x: 0, y: 0, z: 0}
  m_LocalScale: {x: 0.0012735457, y: 0.0012735453, z: 0.0012735453}
  m_LocalEulerAnglesHint: {x: 0, y: 0, z: 0}
  m_Children:
  - {fileID: 224000012011551028}
  m_Father: {fileID: 224000012000796900}
  m_RootOrder: 2
  m_AnchorMin: {x: 0.5, y: 0.5}
  m_AnchorMax: {x: 0.5, y: 0.5}
  m_AnchoredPosition: {x: -0.007999957, y: -0.16899972}
  m_SizeDelta: {x: 160, y: 30}
  m_Pivot: {x: 0.5, y: 0.5}
